% This file was created with JabRef 2.6.
% Encoding: UTF-8

@MISC{qtiphone,
  author = {Qt-iPhone},
  owner = {lox},
  timestamp = {2011.03.23},
  note = {\url{http://www.qt-iphone.com}}
}

@BOOK{beginning_iphone3,
  title = {Beginning iPhone 3 Development},
  publisher = {apress},
  year = {2009},
  author = {Dave,Mark and Jeff,LaMarche},
  owner = {lox},
  timestamp = {2011.03.23}
}

@MISC{minigui,
  author = {MiniGUI},
  owner = {lox},
  timestamp = {2011.03.23},
  note = {\url{http://www.minigui.org}}
}

@MISC{opengui,
  author = {OpenGUI},
  owner = {lox},
  timestamp = {2011.03.23},
  note = {\url{http://www.tutok.sk/fastgl}}
}

@MISC{qt_embedded,
  author = {Qt/Embedded},
  owner = {lox},
  timestamp = {2011.03.23},
  note = {\url{http://qt.nokia.com/products/platform/qt-for-embedded-linux}}
}

@MISC{drasonfiresdk,
  author = {DragonFire SDK},
  owner = {lox},
  timestamp = {2011.03.23},
  note = {\url{http://www.dragonfiresdk.com}}
}

@MISC{gui_wiki,
  author = {Wikipedia},
  owner = {lox},
  timestamp = {2011.03.23},
  note = {\url{http://en.wikipedia.org/wiki/GUI}}
}

@MISC{objective_c_wiki,
  author = {Wikipedia},
  owner = {lox},
  timestamp = {2011.03.23},
  note = {\url{http://en.wikipedia.org/wiki/Objective-C}}
}

@ARTICLE{wuzhaohui_qianrushi,
  author = {吴朝晖},
  title = {纵谈嵌入式技术},
  journal = {微电脑世界},
  year = {2000},
  volume = {49},
  owner = {lox},
  timestamp = {2011.03.21}
}

@MASTERSTHESIS{lifei_qianrushi_gui,
  author = {李斐},
  title = {基于嵌入式系统的GUI Tools设计与实现},
  school = {西安电子科技大学},
  year = {2008},
  owner = {lox},
  timestamp = {2011.03.23}
}

@MASTERSTHESIS{wangwenqi_linux_gui,
  author = {王文启},
  title = {嵌入式 Linux 图形用户界面的研究与开发},
  school = {东华大学},
  year = {2007}
}

@MASTERSTHESIS{gis_2d,
  author = {程建军},
  title = {面向 GIS 的 2D 图形控件引擎的设计与实现},
  school = {浙江大学},
  year = {2009}
}

@BOOK{c_minigui,
  title = {嵌入式软件的开发及 C 语言实现},
  publisher = {电子工业出版社},
  year = {2008},
  author = {魏永明},
  owner = {lox},
  timestamp = {2011.03.23}
}

@BOOK{programmer_xiuyang,
  title = {程序员的自我修养},
  publisher = {电子工业出版社},
  year = {2009},
  author = {俞甲子 and 石凡 and 潘爱民},
  owner = {lox},
  timestamp = {2011.03.23}
}

